<collection xmlns="http://www.loc.gov/MARC21/slim">
<record>
  <leader>01115nam0a22002411i 450 </leader>
  <controlfield tag="001">IT\ICCU\CNCE\038246</controlfield>
  <controlfield tag="005">20131104000000.0</controlfield>
  <datafield tag="012" ind1=" " ind2=" ">
    <subfield code="a">e,to o.no o.to InDa (3) 1581 (R)</subfield>
    <subfield code="2">fei</subfield>
  </datafield>
  <datafield tag="100" ind1=" " ind2=" ">
    <subfield code="a">19981027d1581        0itac0103    ba</subfield>
  </datafield>
  <datafield tag="101" ind1=" " ind2=" ">
    <subfield code="a">ITA</subfield>
  </datafield>
  <datafield tag="102" ind1=" " ind2=" ">
    <subfield code="a">IT</subfield>
  </datafield>
  <datafield tag="200" ind1="1" ind2=" ">
    <subfield code="a">℗Il ℗discorso della s. Laura Terracina, sopra il principio di tutti i canti di Orlando Furioso. Di nuouo con somma diligentia corretto, et ristampato</subfield>
  </datafield>
  <datafield tag="210" ind1=" " ind2=" ">
    <subfield code="a">In Venetia</subfield>
    <subfield code="c">in Frezzari al segno della Regina</subfield>
    <subfield code="d">1581</subfield>
    <subfield code="e">In Venetia</subfield>
    <subfield code="g">in Frezzatia al segno della Regina</subfield>
    <subfield code="h">1581</subfield>
  </datafield>
  <datafield tag="215" ind1=" " ind2=" ">
    <subfield code="a">88 c.</subfield>
    <subfield code="c">ill.</subfield>
    <subfield code="d">8ʻ</subfield>
  </datafield>
  <datafield tag="620" ind1=" " ind2=" ">
    <subfield code="a">IT</subfield>
    <subfield code="d">Venezia</subfield>
  </datafield>
  <datafield tag="700" ind1=" " ind2="1">
    <subfield code="a">Terracina,</subfield>
    <subfield code="b">Laura</subfield>
    <subfield code="3">IT\ICCU\CNCA\007895</subfield>
  </datafield>
  <datafield tag="712" ind1="0" ind2="2">
    <subfield code="a">℗al segno della ℗Regina</subfield>
    <subfield code="3">IT\ICCU\CNCT\000380</subfield>
    <subfield code="4">650</subfield>
  </datafield>
  <datafield tag="790" ind1=" " ind2="0">
    <subfield code="a">Febea</subfield>
    <subfield code="3">IT\ICCU\CNCA\018014</subfield>
    <subfield code="z">Terracina, Laura</subfield>
  </datafield>
  <datafield tag="790" ind1=" " ind2="1">
    <subfield code="a">Terracina Mauro,</subfield>
    <subfield code="b">Laura</subfield>
    <subfield code="3">IT\ICCU\CNCA\024833</subfield>
    <subfield code="z">Terracina, Laura</subfield>
  </datafield>
  <datafield tag="791" ind1="0" ind2="2">
    <subfield code="a">℗ad signum ℗Reginae</subfield>
    <subfield code="3">IT\ICCU\CNCT\005352</subfield>
    <subfield code="z">℗al segno della ℗Regina</subfield>
  </datafield>
  <datafield tag="801" ind1=" " ind2="3">
    <subfield code="a">IT</subfield>
    <subfield code="b">ICCU</subfield>
    <subfield code="c">20201114</subfield>
  </datafield>
  <datafield tag="899" ind1=" " ind2=" ">
    <subfield code="a">Biblioteca della Societ ̉economica. Chiavari</subfield>
    <subfield code="1">GE0011</subfield>
    <subfield code="2">LI3 30</subfield>
  </datafield>
  <datafield tag="899" ind1=" " ind2=" ">
    <subfield code="a">Biblioteca nazionale Braidense. Milano</subfield>
    <subfield code="1">MI0185</subfield>
    <subfield code="2">MIL NB</subfield>
  </datafield>
</record>
</collection>
